@ARTICLE{mannheim,
   author = {{Mannheim}, P.~D. and {O'Brien}, J.~G.},
    title = "{Fitting galactic rotation curves with conformal gravity and a global quadratic potential}",
  journal = {Physical Review D},
archivePrefix = "arXiv",
   eprint = {1011.3495},
 primaryClass = "astro-ph.CO",
 keywords = {Quantum gravity, Modified theories of gravity, Other topics in general relativity and gravitation},
     year = 2012,
    month = jun,
   volume = 85,
   number = 12,
      eid = {124020},
    pages = {124020},
      doi = {10.1103/PhysRevD.85.124020}
}

@ARTICLE{zwicky,
   author = {{Knill}, O.},
    title = "{Bibliographical entries of Jost Buergi, Max Wolf, Arthur Schuster and Fritz Zwicky}",
  journal = {Springer},
     year = 2007
}

@ARTICLE{rubin1980,
   author = {{Rubin}, V.~C. and {Ford}, W.~K.~J. and {.~Thonnard}, N.},
    title = "{Rotational properties of 21 SC galaxies with a large range of luminosities and radii, from NGC 4605 R = 4kpc to UGC 2885 R = 122 kpc}",
  journal = {Astrophysical Journal},
 keywords = {Astronomical Spectroscopy, Galactic Evolution, Galactic Rotation, Galaxies, Stellar Luminosity, Dynamic Characteristics, Galactic Nuclei, Morphology, Radial Velocity, Radii},
     year = 1980,
    month = jun,
   volume = 238,
    pages = {471-487},
      doi = {10.1086/158003}
}

@ARTICLE{kundu,
   author = {{Bhattacharjee}, P. and {Chaudhury}, S. and {Kundu}, S.},
    title = "{Rotation Curve of the Milky Way out to \~{}200 kpc}",
  journal = {Astrophysical Journal},
archivePrefix = "arXiv",
   eprint = {1310.2659},
 primaryClass = "astro-ph.GA",
 keywords = {dark matter, Galaxy: general, Galaxy: kinematics and dynamics},
     year = 2014,
    month = apr,
   volume = 785,
      eid = {63},
    pages = {63},
      doi = {10.1088/0004-637X/785/1/63},
   adsurl = {http://adsabs.harvard.edu/abs/2014ApJ...785...63B},
  adsnote = {Provided by the SAO/NASA Astrophysics Data System}
}


@ARTICLE{sofue,
   author = {{Sofue}, Y. and {Honma}, M. and {Omodaka}, T.},
    title = "{Unified Rotation Curve of the Galaxy -- Decomposition into de Vaucouleurs Bulge, Disk, Dark Halo, and the 9-kpc Rotation Dip}",
  journal = {Publications of the ASJ},
archivePrefix = "arXiv",
   eprint = {0811.0859},
 keywords = {Galaxy: bulge, Galaxy: disk, Galaxy: rotation curve, Galaxy: structure},
     year = 2009,
    month = feb,
   volume = 61,
    pages = {227-},
      doi = {10.1093/pasj/61.2.227},
   adsurl = {http://adsabs.harvard.edu/abs/2009PASJ...61..227S},
  adsnote = {Provided by the SAO/NASA Astrophysics Data System}
}
